<record><leader>00000cas a22000007a 4500</leader><controlfield tag="001">21665712</controlfield><controlfield tag="008">900601d18901896mouwr ne      0    0eng d</controlfield><datafield ind1=" " ind2=" " tag="010"><subfield code="a">sn 90061745 </subfield></datafield><datafield ind1=" " ind2=" " tag="040"><subfield code="a">MQN</subfield><subfield code="b">eng</subfield><subfield code="c">MQN</subfield><subfield code="d">OCLCQ</subfield></datafield><datafield ind1=" " ind2=" " tag="042"><subfield code="a">msc</subfield></datafield><datafield ind1="0" ind2=" " tag="130"><subfield code="a">Tribune-republican (Union, Mo.)</subfield></datafield><datafield ind1="1" ind2="0" tag="245"><subfield code="a">Tribune-republican.</subfield></datafield><datafield ind1=" " ind2=" " tag="260"><subfield code="a">Union, Mo. :</subfield><subfield code="b">Brown &amp; Calkins,</subfield><subfield code="c">1890-1896.</subfield></datafield><datafield ind1=" " ind2=" " tag="300"><subfield code="a">v.</subfield></datafield><datafield ind1=" " ind2=" " tag="310"><subfield code="a">Weekly</subfield></datafield><datafield ind1="0" ind2=" " tag="362"><subfield code="a">Vol. 4, no. 28 (Dec. 12, 1890)-v. 10, no. 32 (Dec. 11, 1896).</subfield></datafield><datafield ind1=" " ind2=" " tag="752"><subfield code="a">United States</subfield><subfield code="b">Missouri</subfield><subfield code="c">Franklin</subfield><subfield code="d">Union.</subfield></datafield><datafield ind1="0" ind2="4" tag="780"><subfield code="t">Tribune (Union, Mo.)</subfield><subfield code="w">(DLC)sn 90061743</subfield></datafield><datafield ind1="0" ind2="4" tag="780"><subfield code="t">Washington republican (Washington, Mo.)</subfield><subfield code="w">(DLC)sn 90061744</subfield></datafield><datafield ind1="0" ind2="0" tag="785"><subfield code="t">Franklin County tribune (Union, Mo. : 1896)</subfield><subfield code="w">(DLC)sn 90061746</subfield></datafield></record>